@article{Rigor_2000,
  doi = {10.1175/1520-0442(2000)013<0896:visato>2.0.co;2},
  url = {http://dx.doi.org/10.1175/1520-0442(2000)013<0896:visato>2.0.co;2},
  year = {2000},
  month = {mar},
  publisher = {American Meteorological Society},
  volume = {13},
  number = {5},
  pages = {896--914},
  author = {Ignatius G. Rigor and Roger L. Colony and Seelye Martin},
  title = {{Variations in Surface Air Temperature Observations in the Arctic 1979{\textendash}97}},
  journal = {Journal of Climate},
}


@article{Kwok_2009,
  doi = {10.1029/2009jc005312},
  url = {http://dx.doi.org/10.1029/2009jc005312},
  year = {2009},
  publisher = {Wiley-Blackwell},
  volume = {114},
  number = {C7},
  author = {R. Kwok and G. F. Cunningham and M. Wensnahan and I. Rigor and H. J. Zwally and D. Yi},
  title = {{Thinning and volume loss of the Arctic Ocean sea ice cover: 2003{\textendash}2008}},
  journal = {J. Geophys. Res.},
}


@article{Maslowski_2012,
  doi = {10.1146/annurev-earth-042711-105345},
  url = {http://dx.doi.org/10.1146/annurev-earth-042711-105345},
  year = {2012},
  month = {may},
  publisher = {Annual Reviews},
  volume = {40},
  number = {1},
  pages = {625--654},
  author = {Wieslaw Maslowski and Jaclyn Clement Kinney and Matthew Higgins and Andrew Roberts},
  title = {{The Future of Arctic Sea Ice}},
  journal = {Annual Review of Earth and Planetary Sciences},
}


@article{Gardner_2011,
  doi = {10.1038/nature10089},
  url = {http://dx.doi.org/10.1038/nature10089},
  year = {2011},
  month = {apr},
  publisher = {Nature Publishing Group},
  volume = {473},
  number = {7347},
  pages = {357--360},
  author = {Alex S. Gardner and Geir Moholdt and Bert Wouters and Gabriel J. Wolken and David O. Burgess and Martin J. Sharp and J. Graham Cogley and Carsten Braun and Claude Labine},
  title = {{Sharply increased mass loss from glaciers and ice caps in the Canadian Arctic Archipelago}},
  journal = {Nature},
}


@article{Peterson_2002,
  doi = {10.1126/science.1077445},
  url = {http://dx.doi.org/10.1126/science.1077445},
  year = {2002},
  month = {dec},
  publisher = {American Association for the Advancement of Science ({AAAS})},
  volume = {298},
  number = {5601},
  pages = {2171--2173},
  author = {B. J. Peterson},
  title = {{Increasing River Discharge to the Arctic Ocean}},
  journal = {Science},
}
